@article{Robbins2012_crater_db,
  author  = {Robbins, Stuart J. and Hynek, Brian M.},
  title   = {A new global database of Mars impact craters ≥1 km: 1. Database creation, properties, and parameters},
  year    = {2012},
  journal = {Journal of Geophysical Research: Planets},
  volume  = {117},
  number  = {E5},
  pages   = {},
  doi     = {https://doi.org/10.1029/2011JE003966},
  url     = {https://agupubs.onlinelibrary.wiley.com/doi/abs/10.1029/2011JE003966},
  eprint  = {https://agupubs.onlinelibrary.wiley.com/doi/pdf/10.1029/2011JE003966},
  _note   = {Database available at <https://craters.sjrdesign.net/>{target="_blank"}},
}

@article{Robbins2013_crater_ages,
  author  = {Robbins, Stuart J. and Hynek, Brian M. and Lillis, Robert J. and Bottke, William F.},
  title   = {Large impact crater histories of Mars: The effect of different model crater age techniques},
  year    = {2013},
  journal = {Icarus},
  volume  = {225},
  number  = {1},
  pages   = {173-184},
  issn    = {0019-1035},
  doi     = {https://doi.org/10.1016/j.icarus.2013.03.019},
  url     = {https://www.sciencedirect.com/science/article/pii/S0019103513001358},
  _note   = {For age data, see Supplementary Table 3},
}

@dataset{IAU_crater_names,
  author    = {USGS Astrogeology Science Center},
  title     = {Gazetteer of Planetary Nomenclature: Craters on Mars},
  year      = {2024},
  publisher = {U.S. Geological Survey},
  url       = {https://planetarynames.wr.usgs.gov/SearchResults?Target=20_Mars&Feature%20Type=9_Crater,%20craters},
  note      = {Accessed 2024-11-26 (most recent addition was "Melosh" on 2024-10-23, totalling 1218 craters). This dataset is continually updated. The website is maintained on behalf of the International Astronomical Union (IAU) Working Group for Planetary System Nomenclature and is supported by NASA.},
  _note     = {Accessed 2024-11-26},
}





@article{Genova2016_boug_paper,
  author  = {Genova, Antonio and Goossens, Sander and Lemoine, Frank G. and Mazarico, Erwan and Neumann, Gregory A. and Smith, David E. and Zuber, Maria T.},
  title   = {Seasonal and static gravity field of Mars from MGS, Mars Odyssey and MRO radio science},
  year    = {2016},
  journal = {Icarus},
  volume  = {272},
  pages   = {228-245},
  issn    = {0019-1035},
  doi     = {https://doi.org/10.1016/j.icarus.2016.02.050},
  url     = {https://www.sciencedirect.com/science/article/pii/S0019103516001287},
}

@dataset{Genova2016_boug_data,
  author       = {Genova, Antonio},
  title        = {Bouguer Gravity Anomaly Map Derived from the NASA GMM-3 Gravity Field},
  year         = {2016},
  publisher    = {NASA PDS},
  url          = {https://pds-geosciences.wustl.edu/mro/mro-m-rss-5-sdp-v1/mrors_1xxx/data/rsdmap/},
  howpublished = {Dataset from the MRO GRAVSCI TEAM, NASA/Goddard Space Flight Center},
  note         = {Dataset ID: MRO-M-RSS-5-SDP-V1.0. This digital map was computed from a truncated GMM-3 solution (degrees 2 to 90) and contains Bouguer gravity anomalies for Mars.},
  _note        = {See "ggmro_120_bouguer_90" .img and .lbl files},
}





@dataset{Wieczorek2022_icta,
  author    = {Wieczorek, Mark A.},
  title     = {InSight Crustal Thickness Archive},
  year      = {2022},
  month     = {04},
  publisher = {Zenodo},
  doi       = {https://doi.org/10.5281/zenodo.6477509},
  _note     = {Data from "dichotomy/" is mirrored to <https://rutgers.box.com/v/redplanet-data>{target="_blank"}},
}

@article{Wieczorek2022_icta_paper,
  author  = {Wieczorek, Mark A. and Broquet, Adrien and McLennan, Scott M. and Rivoldini, Attilio and Golombek, Matthew and Antonangeli, Daniele and Beghein, Caroline and Giardini, Domenico and Gudkova, Tamara and Gyalay, Szilárd and Johnson, Catherine L. and Joshi, Rakshit and Kim, Doyeon and King, Scott D. and Knapmeyer-Endrun, Brigitte and Lognonné, Philippe and Michaut, Chloé and Mittelholz, Anna and Nimmo, Francis and Ojha, Lujendra and Panning, Mark P. and Plesa, Ana-Catalina and Siegler, Matthew A. and Smrekar, Suzanne E. and Spohn, Tilman and Banerdt, W. Bruce},
  title   = {InSight Constraints on the Global Character of the Martian Crust},
  year    = {2022},
  journal = {Journal of Geophysical Research: Planets},
  volume  = {127},
  number  = {5},
  pages   = {e2022JE007298},
  doi     = {https://doi.org/10.1029/2022JE007298},
  url     = {https://agupubs.onlinelibrary.wiley.com/doi/abs/10.1029/2022JE007298},
  eprint  = {https://agupubs.onlinelibrary.wiley.com/doi/pdf/10.1029/2022JE007298},
  note    = {e2022JE007298 2022JE007298},
}

@misc{shtools_code,
  author    = {Wieczorek, M. A. and Meschede, M. and Broquet, A. and Brugere, T. and Corbin, A. and EricAtORS and Hattori, A. and Kalinin, A. and Kohler, J. and Kutra, D. and Leinweber, K. and Lobo, P. and Maia, J. and Mentzer, E. and Minton, D. and Oshchepkov, I. and Phan, P. L. and Poplawski, O. and Reinecke, M. and Sales de Andrade, E. and Schnetter, E. and Schröder, S. and Shin, D. and Sierra, J. and Vasishta, A. and Walker, A. and xoviat and Xu, B.},
  title     = {SHTOOLS/SHTOOLS: Version 4.13.1},
  year      = {2024},
  publisher = {Zenodo},
  doi       = {https://doi.org/10.5281/zenodo.12698962},
}

@article{shtools_paper
  author  = {Wieczorek, Mark A. and Meschede, Matthias},
  title   = {SHTools: Tools for Working with Spherical Harmonics},
  year    = {2018},
  journal = {Geochemistry, Geophysics, Geosystems},
  volume  = {19},
  number  = {8},
  pages   = {2574-2592},
  doi     = {https://doi.org/10.1029/2018GC007529},
  url     = {https://agupubs.onlinelibrary.wiley.com/doi/abs/10.1029/2018GC007529},
  eprint  = {https://agupubs.onlinelibrary.wiley.com/doi/pdf/10.1029/2018GC007529},
}

@article{dichotomy_paper,
  author    = {Andrews-Hanna, Jeffrey C. and Zuber, Maria T. and Banerdt, W. Bruce},
  title     = {The Borealis basin and the origin of the martian crustal dichotomy},
  year      = {2008},
  journal   = {Nature},
  volume    = {453},
  issn      = {1476-4687},
  pages     = {1212-1215},
  number    = {7199},
  doi       = {https://doi.org/10.1038/nature07011},
  publisher = {Springer Science and Business Media LLC},
}





@dataset{DEM_463m,
  author    = {Goddard Space Flight Center},
  title     = {{Mars MGS MOLA DEM 463m}},
  year      = {2003},
  month     = {03},
  publisher = {Astrogeology PDS Annex, U.S. Geological Survey},
  url       = {https://astrogeology.usgs.gov/search/map/mars_mgs_mola_dem_463m},
}

@dataset{DEM_200m,
  author    = {Fergason, R. L. and Hare, T. M. and Laura, J.},
  title     = {{Mars MGS MOLA - MEX HRSC Blended DEM Global 200m v2}},
  year      = {2018},
  publisher = {Astrogeology PDS Annex, U.S. Geological Survey},
  url       = {https://astrogeology.usgs.gov/search/map/mars_mgs_mola_mex_hrsc_blended_dem_global_200m},
}

@dataset{MOLA_shcoeffs,
  author    = {Wieczorek, Mark},
  title     = {Spherical harmonic models of the shape of Mars (MOLA)},
  year      = {2024},
  publisher = {Zenodo},
  doi       = {https://doi.org/10.5281/zenodo.10820719},
}





@dataset{GRS_data,
  author    = {Rani, Alka},
  title     = {2001 Mars Odyssey Gamma Ray Spectrometer Element Concentration Maps},
  year      = {2022},
  publisher = {Mendeley},
  doi       = {https://doi.org/10.17632/3jd9whd78m.1},
  url       = {https://data.mendeley.com/datasets/3jd9whd78m/1},
  copyright = {Creative Commons Attribution 4.0 International},
}

@article{GRS_paper,
  author  = {Rani, A. and Basu Sarbadhikari, A. and Hood, D. R. and Gasnault, O. and Nambiar, S. and Karunatillake, S.},
  title   = {Consolidated Chemical Provinces on Mars: Implications for Geologic Interpretations},
  year    = {2022},
  journal = {Geophysical Research Letters},
  volume  = {49},
  number  = {14},
  pages   = {e2022GL099235},
  doi     = {https://doi.org/10.1029/2022GL099235},
  url     = {https://agupubs.onlinelibrary.wiley.com/doi/abs/10.1029/2022GL099235},
  eprint  = {https://agupubs.onlinelibrary.wiley.com/doi/pdf/10.1029/2022GL099235},
  note    = {e2022GL099235 2022GL099235},
}

@article{Hahn2011,
  author  = {Hahn, B. C. and McLennan, S. M. and Klein, E. C.},
  title   = {Martian surface heat production and crustal heat flow from Mars Odyssey Gamma-Ray spectrometry},
  year    = {2011},
  journal = {Geophysical Research Letters},
  volume  = {38},
  number  = {14},
  doi     = {https://doi.org/10.1029/2011GL047435},
  url     = {https://agupubs.onlinelibrary.wiley.com/doi/abs/10.1029/2011GL047435},
  eprint  = {https://agupubs.onlinelibrary.wiley.com/doi/pdf/10.1029/2011GL047435},
}





@dataset{Langlais2019_data,
  author    = {Langlais, B.},
  title     = {Spherical harmonic model of the magnetic field of Mars to degree 134},
  year      = {2019},
  publisher = {Zenodo},
  doi       = {https://doi.org/10.5281/zenodo.3876714},
}

@article{Langlais2019_paper,
  author  = {Langlais, Benoit and Thébault, Erwan and Houliez, Aymeric and Purucker, Michael E. and Lillis, Robert J.},
  title   = {A New Model of the Crustal Magnetic Field of Mars Using MGS and MAVEN},
  year    = {2019},
  journal = {Journal of Geophysical Research: Planets},
  volume  = {124},
  number  = {6},
  pages   = {1542-1569},
  doi     = {https://doi.org/10.1029/2018JE005854},
  url     = {https://agupubs.onlinelibrary.wiley.com/doi/abs/10.1029/2018JE005854},
  eprint  = {https://agupubs.onlinelibrary.wiley.com/doi/pdf/10.1029/2018JE005854},
}





@dataset{Gong2021_data,
  author    = {Gong, Shengxia and Wieczorek, Mark},
  title     = {Supplementary Data for Depth of Martian Magnetization From Localized Power Spectrum Analysis},
  year      = {2021b},
  publisher = {Zenodo},
  doi       = {https://doi.org/10.5281/zenodo.4686358},
}

@article{Gong2021_paper,
  author  = {Gong, Shengxia and Wieczorek, Mark},
  title   = {Depth of Martian Magnetization From Localized Power Spectrum Analysis},
  year    = {2021a},
  journal = {Journal of Geophysical Research: Planets},
  volume  = {126},
  number  = {8},
  pages   = {e2020JE006690},
  doi     = {https://doi.org/10.1029/2020JE006690},
  url     = {https://agupubs.onlinelibrary.wiley.com/doi/abs/10.1029/2020JE006690},
  eprint  = {https://agupubs.onlinelibrary.wiley.com/doi/pdf/10.1029/2020JE006690},
  note    = {e2020JE006690 2020JE006690},
}

