@Article{gmd-XX-XXXX-2024,
AUTHOR = {Ghiggi, G. and ....},
TITLE = {\texttt{GPM-API} v1.0: An API to access and process the Global Precipitation Measurement data archive},
JOURNAL = {Geoscientific Model Development},
VOLUME = {XX},
YEAR = {XX},
NUMBER = {XX},
PAGES = {XXXX--XXXX},
URL = {https://gmd.copernicus.org/articles/XX/XXXX/2024/},
DOI = {10.5194/gmd-XX-XXXX-XXXX}
}
