@article{Christiansen2022AtomisticGlobalOptimization,
  title = {Atomistic global optimization {X}: {A Python} package for optimization of atomistic structures},
  volume = {157},
  ISSN = {1089-7690},
  url = {http://dx.doi.org/10.1063/5.0094165},
  DOI = {10.1063/5.0094165},
  number = {5},
  journal = {The Journal of Chemical Physics},
  publisher = {AIP Publishing},
  author = {Christiansen,  Mads-Peter V. and Rønne,  Nikolaj and Hammer,  Bjørk},
  year = {2022},
  month = aug
}
